
@ARTICLE{russo2008,
    author={U. {Russo} and D. {Ielmini} and C. {Cagli} and A. L. {Lacaita}},
    journal={IEEE Transactions on Electron Devices},
    title={Self-Accelerated Thermal Dissolution Model for Reset Programming in Unipolar Resistive-Switching Memory (RRAM) Devices},
    year={2009},
    volume={56},
    number={2},
    pages={193-200},
    abstract={This paper addresses the numerical modeling of reset programming in NiO-based resistive-switching memory. In our model, we simulate electrical conduction and heating in the conductive filament (CF), which controls the resistance of the low resistive (or set) state, accounting for CF thermal-activated dissolution. Employing CF electrical and thermal parameters, which were previously characterized on our NiO-based samples, our calculations are shown to match experimental reset and retention characteristics. Simulations show that reset transition is self-accelerated as a consequence of a positive feedback between the thermal dissolution of the CF and local Joule heating in the CF bottleneck, which can account for the abrupt resistance transition in experimental data. Finally, the model is used to investigate the reduction of the reset current, which is needed for device application.},
    keywords={dissolving;electrical conductivity;integrated memory circuits;nickel compounds;random-access storage;self-accelerated thermal dissolution model;reset programming;unipolar resistive-switching memory devices;electrical conduction;conductive filament;positive feedback;Joule heating;NiO;Resistance;Thermal resistance;Electrodes;Temperature dependence;Conductivity;Programming;Joule;Electrothermal modeling;nonvolatile memories;resistive-switching memory (RRAM)},
    doi={10.1109/TED.2008.2010584},
    ISSN={},
    month={Feb},}

@book{kalitkin,
    title={Численные методы в 2 кн. Кн 2. Методы математической физики Ч-671 физики},
    author={{Корякин} П.В., {Николаевич} Н.Н.},
    isbn={978-5-7695-5091-1},
    series={Прикладная математика и информатика},
    year={2013},
    publisher={М.: Издательский центр <<Академия>>}
}

